<?xml version="1.0" encoding="UTF-8"?><collection xmlns="http://www.loc.gov/MARC21/slim"><record><leader>00367nam--2200133-i-4500</leader><controlfield tag="001">000021208</controlfield><controlfield tag="002">20161230</controlfield><controlfield tag="005">20161230201034</controlfield><controlfield tag="008">060222s1000------------r-----000-0-eng-d</controlfield><datafield ind1=" " ind2=" " tag="080"><subfield code="a">62</subfield></datafield><datafield ind1=" " ind2=" " tag="100"><subfield code="a">Holmstrom, J.Edwin</subfield></datafield><datafield ind1=" " ind2=" " tag="245"><subfield code="a">Reccords and research in engineering and industrial science</subfield></datafield><datafield ind1=" " ind2=" " tag="260"><subfield code="a">London, Chapman And Hall, 1956, Xii + 491p. + 2pl</subfield></datafield><datafield ind1=" " ind2=" " tag="852"><subfield code="a">13068</subfield></datafield></record></collection>